@article{kashyap2015big,
  title={Big data analytics in bioinformatics: A machine learning perspective},
  author={Kashyap, Hirak and Ahmed, Hasin Afzal and Hoque, Nazrul and Roy, Swarup and Bhattacharyya, Dhruba Kumar},
  journal={arXiv preprint arXiv:1506.05101},
  year={2015}
}

@article{huang2017analyzing,
  title={Analyzing large scale genomic data on the cloud with Sparkhit},
  author={Huang, Liren and Kr{\"u}ger, Jan and Sczyrba, Alexander},
  journal={Bioinformatics},
  year={2017}
}

@article{anjum2016identification,
  title={Identification of differentially expressed genes in rna-seq data of arabidopsis thaliana: A compound distribution approach},
  author={Anjum, Arfa and Jaggi, Seema and Varghese, Eldho and Lall, Shwetank and Bhowmik, Arpan and Rai, Anil},
  journal={Journal of Computational Biology},
  volume={23},
  number={4},
  pages={239--247},
  year={2016},
  publisher={Mary Ann Liebert, Inc. 140 Huguenot Street, 3rd Floor New Rochelle, NY 10801 USA}
}

@inproceedings{danaee2017deep,
  title={A deep learning approach for cancer detection and relevant gene identification},
  author={Danaee, Padideh and Ghaeini, Reza and Hendrix, David A},
  booktitle={PACIFIC SYMPOSIUM ON BIOCOMPUTING 2017},
  pages={219--229},
  year={2017},
  organization={World Scientific}
}

@article{yang2017big,
  title={From big data to diagnosis and prognosis: gene expression signatures in liver hepatocellular carcinoma},
  author={Yang, Hong and Zhang, Xin and Cai, Xiao-yong and Wen, Dong-yue and Ye, Zhi-hua and Liang, Liang and Zhang, Lu and Wang, Han-lin and Chen, Gang and Feng, Zhen-bo},
  journal={PeerJ},
  volume={5},
  pages={e3089},
  year={2017},
  publisher={PeerJ Inc.}
}

@article{arevalo2017gated,
  title={Gated Multimodal Units for Information Fusion},
  author={Arevalo, John and Solorio, Thamar and Montes-y-G{\'o}mez, Manuel and Gonz{\'a}lez, Fabio A},
  journal={arXiv preprint arXiv:1702.01992},
  year={2017}
}

@article{yuan2016deepgene,
  title={DeepGene: an advanced cancer type classifier based on deep learning and somatic point mutations},
  author={Yuan, Yuchen and Shi, Yi and Li, Changyang and Kim, Jinman and Cai, Weidong and Han, Zeguang and Feng, David Dagan},
  journal={BMC bioinformatics},
  volume={17},
  number={17},
  pages={476},
  year={2016},
  publisher={BioMed Central}
}

@article{ahmed2017modern,
  title={Modern Data Formats for Big Bioinformatics Data Analytics},
  author={Ahmed, Shahzad and Ali, M Usman and Ferzund, Javed and Sarwar, Muhammad Atif and Rehman, Abbas and Mehmood, Atif},
  journal={arXiv preprint arXiv:1707.05364},
  year={2017}
}

@article{vincent2010stacked,
  title={Stacked denoising autoencoders: Learning useful representations in a deep network with a local denoising criterion},
  author={Vincent, Pascal and Larochelle, Hugo and Lajoie, Isabelle and Bengio, Yoshua and Manzagol, Pierre-Antoine},
  journal={Journal of machine learning research},
  volume={11},
  number={Dec},
  pages={3371--3408},
  year={2010}
}

@article{ng2008expert,
  title={Expert networks with mixed continuous and categorical feature variables: a location modeling approach},
  author={Ng, Shu-Kay and McLachlan, G},
  journal={Machine Learning Research Progress, Nova Science, Hauppauge, New York},
  pages={1--14},
  year={2008},
  publisher={Citeseer}
}

@article{schwabgranger,
  title={Granger-causal Attentive Mixtures of Experts: Learning Important Features with Neural Networks},
  author={Schwab, Patrick and de Miladinovic, {\DH}or and Karlen, Walter}
}

@article{le2010integrative,
  title={Integrative mixture of experts to combine clinical factors and gene markers},
  author={L{\^e} Cao, Kim-Anh and Meugnier, Emmanuelle and McLachlan, Geoffrey J},
  journal={Bioinformatics},
  volume={26},
  number={9},
  pages={1192--1198},
  year={2010},
  publisher={Oxford University Press}
}

@book{weiss1991computer,
  title={Computer systems that learn: classification and prediction methods from statistics, neural nets, machine learning, and expert systems},
  author={Weiss, Sholom M and Kulikowski, Casimir A},
  year={1991},
  publisher={Morgan Kaufmann Publishers Inc.}
}

@article{cirecsan2012multi,
  title={Multi-column deep neural networks for image classification},
  author={Cire{\c{s}}an, Dan and Meier, Ueli and Schmidhuber, J{\"u}rgen},
  journal={arXiv preprint arXiv:1202.2745},
  year={2012}
}

@article{hinton2012deep,
  title={Deep neural networks for acoustic modeling in speech recognition: The shared views of four research groups},
  author={Hinton, Geoffrey and Deng, Li and Yu, Dong and Dahl, George E and Mohamed, Abdel-rahman and Jaitly, Navdeep and Senior, Andrew and Vanhoucke, Vincent and Nguyen, Patrick and Sainath, Tara N and others},
  journal={IEEE Signal processing magazine},
  volume={29},
  number={6},
  pages={82--97},
  year={2012},
  publisher={IEEE}
}

@article{collobert2011natural,
  title={Natural language processing (almost) from scratch},
  author={Collobert, Ronan and Weston, Jason and Bottou, L{\'e}on and Karlen, Michael and Kavukcuoglu, Koray and Kuksa, Pavel},
  journal={Journal of Machine Learning Research},
  volume={12},
  number={Aug},
  pages={2493--2537},
  year={2011}
}

@article{mahajan2018exploring,
  title={Exploring the Limits of Weakly Supervised Pretraining},
  author={Mahajan, Dhruv and Girshick, Ross and Ramanathan, Vignesh and He, Kaiming and Paluri, Manohar and Li, Yixuan and Bharambe, Ashwin and van der Maaten, Laurens},
  journal={arXiv preprint arXiv:1805.00932},
  year={2018}
}

@article{kingma2014adam,
  title={Adam: A method for stochastic optimization},
  author={Kingma, Diederik P and Ba, Jimmy},
  journal={arXiv preprint arXiv:1412.6980},
  year={2014}
}

@article{clune2013evolutionary,
  title={The evolutionary origins of modularity},
  author={Clune, Jeff and Mouret, Jean-Baptiste and Lipson, Hod},
  journal={Proc. R. Soc. B},
  volume={280},
  number={1755},
  pages={20122863},
  year={2013},
  publisher={The Royal Society}
}

@article{anders2015htseq,
  title={HTSeqâ€”a Python framework to work with high-throughput sequencing data},
  author={Anders, Simon and Pyl, Paul Theodor and Huber, Wolfgang},
  journal={Bioinformatics},
  volume={31},
  number={2},
  pages={166--169},
  year={2015},
  publisher={Oxford University Press}
}

@article{chu2015large,
  title={Large-scale profiling of microRNAs for the cancer genome atlas},
  author={Chu, Andy and Robertson, Gordon and Brooks, Denise and Mungall, Andrew J and Birol, Inanc and Coope, Robin and Ma, Yussanne and Jones, Steven and Marra, Marco A},
  journal={Nucleic acids research},
  volume={44},
  number={1},
  pages={e3--e3},
  year={2015},
  publisher={Oxford University Press}
}

@article{smedley2015biomart,
  title={The BioMart community portal: an innovative alternative to large, centralized data repositories},
  author={Smedley, Damian and Haider, Syed and Durinck, Steffen and Pandini, Luca and Provero, Paolo and Allen, James and Arnaiz, Olivier and Awedh, Mohammad Hamza and Baldock, Richard and Barbiera, Giulia and others},
  journal={Nucleic acids research},
  volume={43},
  number={W1},
  pages={W589--W598},
  year={2015},
  publisher={Oxford University Press}
}

@article{grossman2016toward,
  title={Toward a shared vision for cancer genomic data},
  author={Grossman, Robert L and Heath, Allison P and Ferretti, Vincent and Varmus, Harold E and Lowy, Douglas R and Kibbe, Warren A and Staudt, Louis M},
  journal={New England Journal of Medicine},
  volume={375},
  number={12},
  pages={1109--1112},
  year={2016},
  publisher={Mass Medical Soc}
}

@article{cibulskis2013sensitive,
  title={Sensitive detection of somatic point mutations in impure and heterogeneous cancer samples},
  author={Cibulskis, Kristian and Lawrence, Michael S and Carter, Scott L and Sivachenko, Andrey and Jaffe, David and Sougnez, Carrie and Gabriel, Stacey and Meyerson, Matthew and Lander, Eric S and Getz, Gad},
  journal={Nature biotechnology},
  volume={31},
  number={3},
  pages={213},
  year={2013},
  publisher={Nature Publishing Group}
}

@article{allwein2000reducing,
  title={Reducing multiclass to binary: A unifying approach for margin classifiers},
  author={Allwein, Erin L and Schapire, Robert E and Singer, Yoram},
  journal={Journal of machine learning research},
  volume={1},
  number={Dec},
  pages={113--141},
  year={2000}
}

@article{maaten2008visualizing,
  title={Visualizing data using t-SNE},
  author={Maaten, Laurens van der and Hinton, Geoffrey},
  journal={Journal of machine learning research},
  volume={9},
  number={Nov},
  pages={2579--2605},
  year={2008}
}

@article{way2017extracting,
  title={Extracting a biologically relevant latent space from cancer transcriptomes with variational autoencoders},
  author={Way, Gregory P and Greene, Casey S},
  journal={bioRxiv},
  pages={174474},
  year={2017},
  publisher={World Scientific}
}

@article{encode2012integrated,
  title={An integrated encyclopedia of DNA elements in the human genome},
  author={ENCODE Project Consortium and others},
  journal={Nature},
  volume={489},
  number={7414},
  pages={57},
  year={2012},
  publisher={Nature Publishing Group}
}

@article{kundaje2015integrative,
  title={Integrative analysis of 111 reference human epigenomes},
  author={Kundaje, Anshul and Meuleman, Wouter and Ernst, Jason and Bilenky, Misha and Yen, Angela and Heravi-Moussavi, Alireza and Kheradpour, Pouya and Zhang, Zhizhuo and Wang, Jianrong and Ziller, Michael J and others},
  journal={Nature},
  volume={518},
  number={7539},
  pages={317},
  year={2015},
  publisher={Nature Publishing Group}
}

@article{huang2017fast,
  title={Fast, scalable prediction of deleterious noncoding variants from functional and population genomic data},
  author={Huang, Yi-Fei and Gulko, Brad and Siepel, Adam},
  journal={Nature genetics},
  volume={49},
  number={4},
  pages={618},
  year={2017},
  publisher={Nature Publishing Group}
}

@article{zitnik2019machine,
  title={Machine learning for integrating data in biology and medicine: Principles, practice, and opportunities},
  author={Zitnik, Marinka and Nguyen, Francis and Wang, Bo and Leskovec, Jure and Goldenberg, Anna and Hoffman, Michael M},
  journal={Information Fusion},
  volume={50},
  pages={71--91},
  year={2019},
  publisher={Elsevier}
}

@article{vaske2010inference,
  title={Inference of patient-specific pathway activities from multi-dimensional cancer genomics data using PARADIGM},
  author={Vaske, Charles J and Benz, Stephen C and Sanborn, J Zachary and Earl, Dent and Szeto, Christopher and Zhu, Jingchun and Haussler, David and Stuart, Joshua M},
  journal={Bioinformatics},
  volume={26},
  number={12},
  pages={i237--i245},
  year={2010},
  publisher={Oxford University Press}
}

@inproceedings{teixeira2017learning,
  title={Learning influential genes on cancer gene expression data with stacked denoising autoencoders},
  author={Teixeira, V{\'\i}tor and Camacho, Rui and Ferreira, Pedro G},
  booktitle={Bioinformatics and Biomedicine (BIBM), 2017 IEEE International Conference on},
  pages={1201--1205},
  year={2017},
  organization={IEEE}
}

@article{yang2010review,
  title={A review of ensemble methods in bioinformatics},
  author={Yang, Pengyi and Hwa Yang, Yee and B Zhou, Bing and Y Zomaya, Albert},
  journal={Current Bioinformatics},
  volume={5},
  number={4},
  pages={296--308},
  year={2010},
  publisher={Bentham Science Publishers}
}

@article{bai2018integrating,
  title={Integrating scene text and visual appearance for fine-grained image classification},
  author={Bai, Xiang and Yang, Mingkun and Lyu, Pengyuan and Xu, Yongchao and Luo, Jiebo},
  journal={IEEE Access},
  volume={6},
  pages={66322--66335},
  year={2018},
  publisher={IEEE}
}

@article{liang2015integrative,
  title={Integrative data analysis of multi-platform cancer data with a multimodal deep learning approach},
  author={Liang, Muxuan and Li, Zhizhong and Chen, Ting and Zeng, Jianyang},
  journal={IEEE/ACM Transactions on Computational Biology and Bioinformatics (TCBB)},
  volume={12},
  number={4},
  pages={928--937},
  year={2015},
  publisher={IEEE Computer Society Press}
}

@article{yin2016ecg,
  title={ECG monitoring system integrated with IR-UWB radar based on CNN},
  author={Yin, Wenfeng and Yang, Xiuzhu and Zhang, Lin and Oki, Eiji},
  journal={IEEE Access},
  volume={4},
  pages={6344--6351},
  year={2016},
  publisher={IEEE}
}

@inproceedings{guo2017towards,
  title={Towards the classification of cancer subtypes by using cascade deep forest model in gene expression data},
  author={Guo, Yang and Liu, Shuhui and Li, Zhanhuai and Shang, Xuequn},
  booktitle={Bioinformatics and Biomedicine (BIBM), 2017 IEEE International Conference on},
  pages={1664--1669},
  year={2017},
  organization={IEEE}
}

@inproceedings{syafiandini2016cancer,
  title={Cancer subtype identification using deep learning approach},
  author={Syafiandini, Arida Ferti and Wasito, Ito and Yazid, Setiadi and Fitriawan, Aries and Amien, Mukhlis},
  booktitle={Computer, Control, Informatics and its Applications (IC3INA), 2016 International Conference on},
  pages={108--112},
  year={2016},
  organization={IEEE}
}

@article{goodfellow2013maxout,
  title={Maxout networks},
  author={Goodfellow, Ian J and Warde-Farley, David and Mirza, Mehdi and Courville, Aaron and Bengio, Yoshua},
  journal={arXiv preprint arXiv:1302.4389},
  year={2013}
}

@article{srivastava2014dropout,
  title={Dropout: a simple way to prevent neural networks from overfitting},
  author={Srivastava, Nitish and Hinton, Geoffrey and Krizhevsky, Alex and Sutskever, Ilya and Salakhutdinov, Ruslan},
  journal={The Journal of Machine Learning Research},
  volume={15},
  number={1},
  pages={1929--1958},
  year={2014},
  publisher={JMLR. org}
}

@inproceedings{abadi2016tensorflow,
  title={Tensorflow: a system for large-scale machine learning.},
  author={Abadi, Mart{\'\i}n and Barham, Paul and Chen, Jianmin and Chen, Zhifeng and Davis, Andy and Dean, Jeffrey and Devin, Matthieu and Ghemawat, Sanjay and Irving, Geoffrey and Isard, Michael and others},
  booktitle={OSDI},
  volume={16},
  pages={265--283},
  year={2016}
}

@inproceedings{vincent2008extracting,
  title={Extracting and composing robust features with denoising autoencoders},
  author={Vincent, Pascal and Larochelle, Hugo and Bengio, Yoshua and Manzagol, Pierre-Antoine},
  booktitle={Proceedings of the 25th international conference on Machine learning},
  pages={1096--1103},
  year={2008},
  organization={ACM}
}

@article{vincent2011connection,
  title={A connection between score matching and denoising autoencoders},
  author={Vincent, Pascal},
  journal={Neural computation},
  volume={23},
  number={7},
  pages={1661--1674},
  year={2011},
  publisher={MIT Press}
}

@article{titus2018unsupervised,
  title={An unsupervised deep learning framework with variational autoencoders for genome-wide DNA methylation analysis and biologic feature extraction applied to breast cancer},
  author={Titus, Alexander J and Wilkins, Owen M and Bobak, Carly A and Christensen, Brock C},
  journal={bioRxiv},
  pages={433763},
  year={2018},
  publisher={Cold Spring Harbor Laboratory}
}

@article{dai2017hidden,
  title={Hidden Talents of the Variational Autoencoder},
  author={Dai, Bin and Wang, Yu and Aston, John and Hua, Gang and Wipf, David},
  journal={arXiv preprint arXiv:1706.05148},
  year={2017}
}

@article{jiang2014statistical,
  title={Statistical measures of transcriptional diversity capture genomic heterogeneity of cancer},
  author={Jiang, Tingting and Shi, Weiwei and Natowicz, Ren{\'e} and Ononye, Sophia N and Wali, Vikram B and Kluger, Yuval and Pusztai, Lajos and Hatzis, Christos},
  journal={BMC genomics},
  volume={15},
  number={1},
  pages={876},
  year={2014},
  publisher={BioMed Central}
}

@inproceedings{suk2013deep,
  title={Deep learning-based feature representation for AD/MCI classification},
  author={Suk, Heung-Il and Shen, Dinggang},
  booktitle={International Conference on Medical Image Computing and Computer-Assisted Intervention},
  pages={583--590},
  year={2013},
  organization={Springer}
}

@article{jacobs1991adaptive,
  title={Adaptive mixtures of local experts},
  author={Jacobs, Robert A and Jordan, Michael I and Nowlan, Steven J and Hinton, Geoffrey E},
  journal={Neural computation},
  volume={3},
  number={1},
  pages={79--87},
  year={1991},
  publisher={MIT Press}
}

@article{huang2018applications,
  title={Applications of support vector machine (SVM) learning in cancer genomics},
  author={Huang, Shujun and Cai, Nianguang and Pacheco, Pedro Penzuti and NARRANDES, SHAVIRA and Wang, Yang and Xu, Wayne},
  journal={Cancer Genomics-Proteomics},
  volume={15},
  number={1},
  pages={41--51},
  year={2018},
  publisher={International Institute of Anticancer Research}
}

@inproceedings{craven1996extracting,
  title={Extracting tree-structured representations of trained networks},
  author={Craven, Mark and Shavlik, Jude W},
  booktitle={Advances in neural information processing systems},
  pages={24--30},
  year={1996}
}

@inproceedings{ribeiro2016should,
  title={Why should i trust you?: Explaining the predictions of any classifier},
  author={Ribeiro, Marco Tulio and Singh, Sameer and Guestrin, Carlos},
  booktitle={Proceedings of the 22nd ACM SIGKDD international conference on knowledge discovery and data mining},
  pages={1135--1144},
  year={2016},
  organization={ACM}
}

@article{li2017diabetes,
  title={Diabetes mellitus and risk of hepatocellular carcinoma},
  author={Li, Xu and Wang, Xiaocong and Gao, Pujun},
  journal={BioMed research international},
  volume={2017},
  year={2017},
  publisher={Hindawi}
}

@article{singh2018diabetes,
  title={Diabetes and hepatocellular carcinoma: A pathophysiological link and pharmacological management},
  author={Singh, Mandeep Kumar and Das, Bhrigu Kumar and Choudhary, Sandeep and Gupta, Deepak and Patil, Umesh K},
  journal={Biomedicine \& Pharmacotherapy},
  volume={106},
  pages={991--1002},
  year={2018},
  publisher={Elsevier}
}

@article{wang2016dysregulated,
  title={Dysregulated fatty acid metabolism in hepatocellular carcinoma},
  author={Wang, Mingda and Han, Jun and Xing, Hao and Zhang, Han and Li, Zhenli and Liang, Lei and Li, Chao and Dai, Shuyang and Wu, Mengchao and Shen, Feng and others},
  journal={Hepatic oncology},
  volume={3},
  number={4},
  pages={241--251},
  year={2016},
  publisher={Future Medicine}
}

@article{nakagawa2018lipid,
  title={Lipid metabolic reprogramming in hepatocellular carcinoma},
  author={Nakagawa, Hayato and Hayata, Yuki and Kawamura, Satoshi and Yamada, Tomoharu and Fujiwara, Naoto and Koike, Kazuhiko},
  journal={Cancers},
  volume={10},
  number={11},
  pages={447},
  year={2018},
  publisher={Multidisciplinary Digital Publishing Institute}
}

@article{uhlen2017pathology,
  title={A pathology atlas of the human cancer transcriptome},
  author={Uhlen, Mathias and Zhang, Cheng and Lee, Sunjae and Sj{\"o}stedt, Evelina and Fagerberg, Linn and Bidkhori, Gholamreza and Benfeitas, Rui and Arif, Muhammad and Liu, Zhengtao and Edfors, Fredrik and others},
  journal={Science},
  volume={357},
  number={6352},
  pages={eaan2507},
  year={2017},
  publisher={American Association for the Advancement of Science}
}

@article{gasparotto1997overexpression,
  title={Overexpression of CDC25A and CDC25B in head and neck cancers},
  author={Gasparotto, Daniela and Maestro, Roberta and Piccinin, Sara and Vukosavljevic, Tamara and Barzan, Luigi and Sulfaro, Sandro and Boiocchi, Mauro},
  journal={Cancer Research},
  volume={57},
  number={12},
  pages={2366--2368},
  year={1997},
  publisher={AACR}
}

@article{xu2014identification,
  title={Identification of thyroid carcinoma related genes with mRMR and shortest path approaches},
  author={Xu, Yaping and Deng, Yue and Ji, Zhenhua and Liu, Haibin and Liu, Yueyang and Peng, Hu and Wu, Jian and Fan, Jingping},
  journal={PLoS one},
  volume={9},
  number={4},
  pages={e94022},
  year={2014},
  publisher={Public Library of Science}
}

@article{firek2017pathologic,
  title={Pathologic significance of a novel oncoprotein in thyroid cancer progression},
  author={Firek, Anthony A and Perez, Mia C and Gonda, Amber and Lei, Li and Munir, Iqbal and Simental, Alfred A and Carr, Frances E and Becerra, Benjamin J and De Leon, Marino and Khan, Salma},
  journal={Head \& neck},
  volume={39},
  number={12},
  pages={2459--2469},
  year={2017},
  publisher={Wiley Online Library}
}

@article{mersch2015cancers,
  title={Cancers associated with BRCA 1 and BRCA 2 mutations other than breast and ovarian},
  author={Mersch, Jacqueline and Jackson, Michelle A and Park, Minjeong and Nebgen, Denise and Peterson, Susan K and Singletary, Claire and Arun, Banu K and Litton, Jennifer K},
  journal={Cancer},
  volume={121},
  number={2},
  pages={269--275},
  year={2015},
  publisher={Wiley Online Library}
}

@article{kikutake2018intratumor,
  title={Intratumor heterogeneity of HMCN1 mutant alleles associated with poor prognosis in patients with breast cancer},
  author={Kikutake, Chie and Yoshihara, Minako and Sato, Tetsuya and Saito, Daisuke and Suyama, Mikita},
  journal={Oncotarget},
  volume={9},
  number={70},
  pages={33337},
  year={2018},
  publisher={Impact Journals, LLC}
}

@article{kebebew2007prevalence,
  title={The prevalence and prognostic value of BRAF mutation in thyroid cancer},
  author={Kebebew, Electron and Weng, Julie and Bauer, Juergen and Ranvier, Gustavo and Clark, Orlo H and Duh, Quan-Yang and Shibru, Daniel and Bastian, Boris and Griffin, Ann},
  journal={Annals of surgery},
  volume={246},
  number={3},
  pages={466},
  year={2007},
  publisher={Lippincott, Williams, and Wilkins}
}

@article{xing2013association,
  title={Association between BRAF V600E mutation and mortality in patients with papillary thyroid cancer},
  author={Xing, Mingzhao and Alzahrani, Ali S and Carson, Kathryn A and Viola, David and Elisei, Rossella and Bendlova, Bela and Yip, Linwah and Mian, Caterina and Vianello, Federica and Tuttle, R Michael and others},
  journal={Jama},
  volume={309},
  number={14},
  pages={1493--1501},
  year={2013},
  publisher={American Medical Association}
}

@article{sun2018multimodal,
  title={A multimodal deep neural network for human breast cancer prognosis prediction by integrating multi-dimensional data},
  author={Sun, Dongdong and Wang, Minghui and Li, Ao},
  journal={IEEE/ACM transactions on computational biology and bioinformatics},
  year={2018},
  publisher={IEEE}
}

@book{bishop2006pattern,
  title={Pattern recognition and machine learning},
  author={Bishop, Christopher M},
  year={2006},
  publisher={springer}
}